@online{dumbleRules,
  author = {Yann Cochard},
  title  = {R{\`e}gles du Dumble : Petit jeu de carte rapide},
  year   = {2019},
  url    = {https://yanncochard.com/458-regles-du-dumble-petit-jeu-de-carte-rapide/}
}

@online{GymnasiumAPI,
  author = {Gymnasium},
  title  = {Gymnasium Documentation: Python API for Reinforcement Learning},
  year   = {2023},
  url    = {https://www.gymlibrary.dev/}
}